
%%% ====================================================================
%%%  BibTeX-file{
%%%     author          = "Gerry Murray",
%%%     version         = "1.2",
%%%     date            = "2 April 2012",
%%%     filename        = "acmsmall-sample-bibfile.bib",
%%%     address         = "ACM, NY",
%%%     email           = "murray at hq.acm.org",
%%%     codetable       = "ISO/ASCII",
%%%     keywords        = "ACM Reference Format, bibliography, citation, references",
%%%     supported       = "yes",
%%%     docstring       = "This BibTeX database file contains 'bibdata' entries
%%%                        that 'match' the examples provided in the Specifications Document
%%%                        AND, also, 'legacy'-type bibs. It should assist authors in
%%%                        choosing the 'correct' at-bibtype and necessary bib-fields
%%%                        so as to obtain the appropriate ACM Reference Format output.
%%%                        It also contains many 'Standard Abbreviations'. "
%%%  }
%%% ====================================================================

% Journals

% First the Full Name is given, then the abbreviation used in the AMS Math
% Reviews, with an indication if it could not be found there.
% Note the 2nd overwrites the 1st, so swap them if you want the full name.

 %{AMS}
 @String{AMSTrans = "American Mathematical Society Translations" }
 @String{AMSTrans = "Amer. Math. Soc. Transl." }
 @String{BullAMS = "Bulletin of the American Mathematical Society" }
 @String{BullAMS = "Bull. Amer. Math. Soc." }
 @String{ProcAMS = "Proceedings of the American Mathematical Society" }
 @String{ProcAMS = "Proc. Amer. Math. Soc." }
 @String{TransAMS = "Transactions of the American Mathematical Society" }
 @String{TransAMS = "Trans. Amer. Math. Soc." }

 %ACM
 @String{CACM = "Communications of the {ACM}" }
 @String{CACM = "Commun. {ACM}" }
 @String{CompServ = "Comput. Surveys" }
 @String{JACM = "J. ACM" }
 @String{ACMMathSoft = "{ACM} Transactions on Mathematical Software" }
 @String{ACMMathSoft = "{ACM} Trans. Math. Software" }
 @String{SIGNUM = "{ACM} {SIGNUM} Newsletter" }
 @String{SIGNUM = "{ACM} {SIGNUM} Newslett." }

 @String{AmerSocio = "American Journal of Sociology" }
 @String{AmerStatAssoc = "Journal of the American Statistical Association" }
 @String{AmerStatAssoc = "J. Amer. Statist. Assoc." }
 @String{ApplMathComp = "Applied Mathematics and Computation" }
 @String{ApplMathComp = "Appl. Math. Comput." }
 @String{AmerMathMonthly = "American Mathematical Monthly" }
 @String{AmerMathMonthly = "Amer. Math. Monthly" }
 @String{BIT = "{BIT}" }
 @String{BritStatPsych = "British Journal of Mathematical and Statistical
          Psychology" }
 @String{BritStatPsych = "Brit. J. Math. Statist. Psych." }
 @String{CanMathBull = "Canadian Mathematical Bulletin" }
 @String{CanMathBull = "Canad. Math. Bull." }
 @String{CompApplMath = "Journal of Computational and Applied Mathematics" }
 @String{CompApplMath = "J. Comput. Appl. Math." }
 @String{CompPhys = "Journal of Computational Physics" }
 @String{CompPhys = "J. Comput. Phys." }
 @String{CompStruct = "Computers and Structures" }
 @String{CompStruct = "Comput. \& Structures" }
 @String{CompJour = "The Computer Journal" }
 @String{CompJour = "Comput. J." }
 @String{CompSysSci = "Journal of Computer and System Sciences" }
 @String{CompSysSci = "J. Comput. System Sci." }
 @String{Computing = "Computing" }
 @String{ContempMath = "Contemporary Mathematics" }
 @String{ContempMath = "Contemp. Math." }
 @String{Crelle = "Crelle's Journal" }
 @String{GiornaleMath = "Giornale di Mathematiche" }
 @String{GiornaleMath = "Giorn. Mat." } % didn't find in AMS MR., ibid.

 %IEEE
 @String{Computer = "{IEEE} Computer" }
 @String{IEEETransComp = "{IEEE} Transactions on Computers" }
 @String{IEEETransComp = "{IEEE} Trans. Comput." }
 @String{IEEETransAC = "{IEEE} Transactions on Automatic Control" }
 @String{IEEETransAC = "{IEEE} Trans. Automat. Control" }
 @String{IEEESpec = "{IEEE} Spectrum" } % didn't find in AMS MR
 @String{ProcIEEE = "Proceedings of the {IEEE}" }
 @String{ProcIEEE = "Proc. {IEEE}" } % didn't find in AMS MR
 @String{IEEETransAeroElec = "{IEEE} Transactions on Aerospace and Electronic
     Systems" }
 @String{IEEETransAeroElec = "{IEEE} Trans. Aerospace Electron. Systems" }

 @String{IMANumerAna = "{IMA} Journal of Numerical Analysis" }
 @String{IMANumerAna = "{IMA} J. Numer. Anal." }
 @String{InfProcLet = "Information Processing Letters" }
 @String{InfProcLet = "Inform. Process. Lett." }
 @String{InstMathApp = "Journal of the Institute of Mathematics and
     its Applications" }
 @String{InstMathApp = "J. Inst. Math. Appl." }
 @String{IntControl = "International Journal of Control" }
 @String{IntControl = "Internat. J. Control" }
 @String{IntNumerEng = "International Journal for Numerical Methods in
     Engineering" }
 @String{IntNumerEng = "Internat. J. Numer. Methods Engrg." }
 @String{IntSuper = "International Journal of Supercomputing Applications" }
 @String{IntSuper = "Internat. J. Supercomputing Applic." } % didn't find
%% in AMS MR
 @String{Kibernetika = "Kibernetika" }
 @String{JResNatBurStand = "Journal of Research of the National Bureau
     of Standards" }
 @String{JResNatBurStand = "J. Res. Nat. Bur. Standards" }
 @String{LinAlgApp = "Linear Algebra and its Applications" }
 @String{LinAlgApp = "Linear Algebra Appl." }
 @String{MathAnaAppl = "Journal of Mathematical Analysis and Applications" }
 @String{MathAnaAppl = "J. Math. Anal. Appl." }
 @String{MathAnnalen = "Mathematische Annalen" }
 @String{MathAnnalen = "Math. Ann." }
 @String{MathPhys = "Journal of Mathematical Physics" }
 @String{MathPhys = "J. Math. Phys." }
 @String{MathComp = "Mathematics of Computation" }
 @String{MathComp = "Math. Comp." }
 @String{MathScand = "Mathematica Scandinavica" }
 @String{MathScand = "Math. Scand." }
 @String{TablesAidsComp = "Mathematical Tables and Other Aids to Computation" }
 @String{TablesAidsComp = "Math. Tables Aids Comput." }
 @String{NumerMath = "Numerische Mathematik" }
 @String{NumerMath = "Numer. Math." }
 @String{PacificMath = "Pacific Journal of Mathematics" }
 @String{PacificMath = "Pacific J. Math." }
 @String{ParDistComp = "Journal of Parallel and Distributed Computing" }
 @String{ParDistComp = "J. Parallel and Distrib. Comput." } % didn't find
%% in AMS MR
 @String{ParComputing = "Parallel Computing" }
 @String{ParComputing = "Parallel Comput." }
 @String{PhilMag = "Philosophical Magazine" }
 @String{PhilMag = "Philos. Mag." }
 @String{ProcNAS = "Proceedings of the National Academy of Sciences
                    of the USA" }
 @String{ProcNAS = "Proc. Nat. Acad. Sci. U. S. A." }
 @String{Psychometrika = "Psychometrika" }
 @String{QuartMath = "Quarterly Journal of Mathematics, Oxford, Series (2)" }
 @String{QuartMath = "Quart. J. Math. Oxford Ser. (2)" }
 @String{QuartApplMath = "Quarterly of Applied Mathematics" }
 @String{QuartApplMath = "Quart. Appl. Math." }
 @String{RevueInstStat = "Review of the International Statisical Institute" }
 @String{RevueInstStat = "Rev. Inst. Internat. Statist." }

 %SIAM
 @String{JSIAM = "Journal of the Society for Industrial and Applied
     Mathematics" }
 @String{JSIAM = "J. Soc. Indust. Appl. Math." }
 @String{JSIAMB = "Journal of the Society for Industrial and Applied
     Mathematics, Series B, Numerical Analysis" }
 @String{JSIAMB = "J. Soc. Indust. Appl. Math. Ser. B Numer. Anal." }
 @String{SIAMAlgMeth = "{SIAM} Journal on Algebraic and Discrete Methods" }
 @String{SIAMAlgMeth = "{SIAM} J. Algebraic Discrete Methods" }
 @String{SIAMAppMath = "{SIAM} Journal on Applied Mathematics" }
 @String{SIAMAppMath = "{SIAM} J. Appl. Math." }
 @String{SIAMComp = "{SIAM} Journal on Computing" }
 @String{SIAMComp = "{SIAM} J. Comput." }
 @String{SIAMMatrix = "{SIAM} Journal on Matrix Analysis and Applications" }
 @String{SIAMMatrix = "{SIAM} J. Matrix Anal. Appl." }
 @String{SIAMNumAnal = "{SIAM} Journal on Numerical Analysis" }
 @String{SIAMNumAnal = "{SIAM} J. Numer. Anal." }
 @String{SIAMReview = "{SIAM} Review" }
 @String{SIAMReview = "{SIAM} Rev." }
 @String{SIAMSciStat = "{SIAM} Journal on Scientific and Statistical
     Computing" }
 @String{SIAMSciStat = "{SIAM} J. Sci. Statist. Comput." }

 @String{SoftPracExp = "Software Practice and Experience" }
 @String{SoftPracExp = "Software Prac. Experience" } % didn't find in AMS MR
 @String{StatScience = "Statistical Science" }
 @String{StatScience = "Statist. Sci." }
 @String{Techno = "Technometrics" }
 @String{USSRCompMathPhys = "{USSR} Computational Mathematics and Mathematical
     Physics" }
 @String{USSRCompMathPhys = "{U. S. S. R.} Comput. Math. and Math. Phys." }
 @String{VLSICompSys = "Journal of {VLSI} and Computer Systems" }
 @String{VLSICompSys = "J. {VLSI} Comput. Syst." }
 @String{ZAngewMathMech = "Zeitschrift fur Angewandte Mathematik und
     Mechanik" }
 @String{ZAngewMathMech = "Z. Angew. Math. Mech." }
 @String{ZAngewMathPhys = "Zeitschrift fur Angewandte Mathematik und Physik" }
 @String{ZAngewMathPhys = "Z. Angew. Math. Phys." }

% Publishers % ================================================= |

 @String{Academic = "Academic Press" }
 @String{ACMPress = "{ACM} Press" }
 @String{AdamHilger = "Adam Hilger" }
 @String{AddisonWesley = "Addison-Wesley" }
 @String{AllynBacon = "Allyn and Bacon" }
 @String{AMS = "American Mathematical Society" }
 @String{Birkhauser = "Birkha{\"u}ser" }
 @String{CambridgePress = "Cambridge University Press" }
 @String{Chelsea = "Chelsea" }
 @String{ClaredonPress = "Claredon Press" }
 @String{DoverPub = "Dover Publications" }
 @String{Eyolles = "Eyolles" }
 @String{HoltRinehartWinston = "Holt, Rinehart and Winston" }
 @String{Interscience = "Interscience" }
 @String{JohnsHopkinsPress = "The Johns Hopkins University Press" }
 @String{JohnWileySons = "John Wiley and Sons" }
 @String{Macmillan = "Macmillan" }
 @String{MathWorks = "The Math Works Inc." }
 @String{McGrawHill = "McGraw-Hill" }
 @String{NatBurStd = "National Bureau of Standards" }
 @String{NorthHolland = "North-Holland" }
 @String{OxfordPress = "Oxford University Press" }  %address Oxford or London?
 @String{PergamonPress = "Pergamon Press" }
 @String{PlenumPress = "Plenum Press" }
 @String{PrenticeHall = "Prentice-Hall" }
 @String{SIAMPub = "{SIAM} Publications" }
 @String{Springer = "Springer-Verlag" }
 @String{TexasPress = "University of Texas Press" }
 @String{VanNostrand = "Van Nostrand" }
 @String{WHFreeman = "W. H. Freeman and Co." }

%Entries

%%%%%%%%%%%%%%%%%%%%%% Start of Aptara sample bib entries

% acmsmall-sam.bib

@article{Adler2018,
 author = {Adler, Philip and Falk, Casey and Friedler, Sorelle A. and Nix, Tionney and Rybeck, Gabriel and Scheidegger, Carlos and Smith, Brandon and Venkatasubramanian, Suresh},
 title = {Auditing Black-box Models for Indirect Influence},
 journal = {Knowl. Inf. Syst.},
 issue_date = {January   2018},
 volume = {54},
 number = {1},
 month = jan,
 year = {2018},
 issn = {0219-1377},
 pages = {95--122},
 numpages = {28},
 url = {https://doi.org/10.1007/s10115-017-1116-3},
 doi = {10.1007/s10115-017-1116-3},
 acmid = {3182507},
 publisher = {Springer-Verlag New York, Inc.},
 address = {New York, NY, USA},
 keywords = {ANOVA, Algorithmic accountability, Black-box auditing, Deep learning, Discrimination-aware data mining, Feature influence, Interpretable machine learning},
} 


@article{Beutel2017DataDA,
  title={Data Decisions and Theoretical Implications when Adversarially Learning Fair Representations},
  author={Alex Beutel and Jilin Chen and Zhe Zhao and Ed Huai-hsin Chi},
  journal={CoRR},
  year={2017},
  volume={abs/1707.00075}
}

@article{BolukbasiCZSK16a,
  author    = {Tolga Bolukbasi and
               Kai{-}Wei Chang and
               James Y. Zou and
               Venkatesh Saligrama and
               Adam Kalai},
  title     = {Man is to Computer Programmer as Woman is to Homemaker? Debiasing
               Word Embeddings},
  journal   = {CoRR},
  volume    = {abs/1607.06520},
  year      = {2016},
  url       = {http://arxiv.org/abs/1607.06520},
}

@article{Burke2017MultisidedFF,
  title={Multisided Fairness for Recommendation},
  author={Robin D. Burke},
  journal={CoRR},
  year={2017},
  volume={abs/1707.00093}
}

@article{Chiappa2018,
author = {Chiappa, Silvia and P. S. Gillam, Thomas},
year = {2018},
month = {02},
pages = {},
title = {Path-Specific Counterfactual Fairness}
}

@misc{Dua:2017,
author = "Dheeru, Dua and Karra Taniskidou, Efi",
year = "2017",
title = "{UCI} Machine Learning Repository",
url = "http://archive.ics.uci.edu/ml",
institution = "University of California, Irvine, School of Information and Computer Sciences" }

@InProceedings{pmlr-v81-dwork18a,
  title = 	 {Decoupled Classifiers for Group-Fair and Efficient Machine Learning},
  author = 	 {Cynthia Dwork and Nicole Immorlica and Adam Tauman Kalai and Max Leiserson},
  booktitle = 	 {Proceedings of the 1st Conference on Fairness, Accountability and Transparency},
  pages = 	 {119--133},
  year = 	 {2018},
  editor = 	 {Sorelle A. Friedler and Christo Wilson},
  volume = 	 {81},
  series = 	 {Proceedings of Machine Learning Research},
  address = 	 {New York, NY, USA},
  month = 	 {23--24 Feb},
  publisher = 	 {PMLR},
}

@inproceedings{LiptonEnvyFree,
 author = {Lipton, R. J. and Markakis, E. and Mossel, E. and Saberi, A.},
 title = {On Approximately Fair Allocations of Indivisible Goods},
 booktitle = {Proceedings of the 5th ACM Conference on Electronic Commerce},
 series = {EC '04},
 year = {2004},
 isbn = {1-58113-771-0},
 location = {New York, NY, USA},
 pages = {125--131},
 numpages = {7},
 url = {http://doi.acm.org/10.1145/988772.988792},
 doi = {10.1145/988772.988792},
 acmid = {988792},
 publisher = {ACM},
 address = {New York, NY, USA},
 keywords = {approximation algorithm, envy, fairness, truthfulness},
} 

@article{paretoTradeoff,
  author    = {Alekh Agarwal and
               Alina Beygelzimer and
               Miroslav Dud{\'{\i}}k and
               John Langford and
               Hanna M. Wallach},
  title     = {A Reductions Approach to Fair Classification},
  journal   = {CoRR},
  volume    = {abs/1803.02453},
  year      = {2018},
  url       = {http://arxiv.org/abs/1803.02453},
  archivePrefix = {arXiv},
  eprint    = {1803.02453},
  timestamp = {Mon, 13 Aug 2018 16:47:08 +0200},
  biburl    = {https://dblp.org/rec/bib/journals/corr/abs-1803-02453},
  bibsource = {dblp computer science bibliography, https://dblp.org}
}

@ARTICLE{Eban2016,
   author = {{Eban}, E.~E. and {Schain}, M. and {Mackey}, A. and {Gordon}, A. and 
	{Saurous}, R.~A. and {Elidan}, G.},
    title = "{Scalable Learning of Non-Decomposable Objectives}",
  journal = {ArXiv e-prints},
archivePrefix = "arXiv",
   eprint = {1608.04802},
 primaryClass = "stat.ML",
 keywords = {Statistics - Machine Learning, Computer Science - Learning},
     year = 2016,
    month = aug,
   adsurl = {http://adsabs.harvard.edu/abs/2016arXiv160804802E},
  adsnote = {Provided by the SAO/NASA Astrophysics Data System}
}


@ARTICLE{Feldman2014,
   author = {{Feldman}, M. and {Friedler}, S. and {Moeller}, J. and {Scheidegger}, C. and 
	{Venkatasubramanian}, S.},
    title = "{Certifying and removing disparate impact}",
  journal = {ArXiv e-prints},
archivePrefix = "arXiv",
   eprint = {1412.3756},
 primaryClass = "stat.ML",
 keywords = {Statistics - Machine Learning, Computer Science - Computers and Society},
     year = 2014,
    month = dec,
   adsurl = {http://adsabs.harvard.edu/abs/2014arXiv1412.3756F},
  adsnote = {Provided by the SAO/NASA Astrophysics Data System}
}

@article{Godfrey2007,
 author = {Godfrey, Parke and Shipley, Ryan and Gryz, Jarek},
 title = {Algorithms and Analyses for Maximal Vector Computation},
 journal = {The VLDB Journal},
 issue_date = {January 2007},
 volume = {16},
 number = {1},
 month = jan,
 year = {2007},
 issn = {1066-8888},
 pages = {5--28},
 numpages = {24},
 url = {http://dx.doi.org/10.1007/s00778-006-0029-7},
 doi = {10.1007/s00778-006-0029-7},
 acmid = {1176883},
 publisher = {Springer-Verlag New York, Inc.},
 address = {Secaucus, NJ, USA},
} 
[download]

@article{HardtPS16,
  author    = {Moritz Hardt and
               Eric Price and
               Nathan Srebro},
  title     = {Equality of Opportunity in Supervised Learning},
  journal   = {CoRR},
  volume    = {abs/1610.02413},
  year      = {2016},
  url       = {http://arxiv.org/abs/1610.02413},
  archivePrefix = {arXiv},
  eprint    = {1610.02413},
  timestamp = {Mon, 13 Aug 2018 16:47:05 +0200},
  biburl    = {https://dblp.org/rec/bib/journals/corr/HardtPS16},
  bibsource = {dblp computer science bibliography, https://dblp.org}
}

@article{Kearns2017PreventingFG,
  title={Preventing Fairness Gerrymandering: Auditing and Learning for Subgroup Fairness},
  author={Michael Kearns and Seth Neel and Aaron Roth and Zhiwei Steven Wu},
  journal={CoRR},
  year={2017},
  volume={abs/1711.05144}
}

@inproceedings{Kleinberg2017PlanningWM,
  title={Planning with Multiple Biases},
  author={Jon M. Kleinberg and Sigal Oren and Manish Raghavan},
  booktitle={EC},
  year={2017}
}

@misc{NYCLaw,
  title = {A Local Law in relation to automated decision systems used by agencies},
  author={James Vacca, Helen K. Rosenthal, Corey D. Johnson, Rafael Salamanca, Jr., Vincent J. Gentile, Robert E. Cornegy, Jr., Jumaane D. Williams, Ben Kallos, Carlos Menchaca},
  year={2018},
  url={http://legistar.council.nyc.gov/LegislationDetail.aspx?ID=3137815&GUID=437A6A6D-62E1-47E2-9C42-461253F9C6D0}
}

@article {BerkeleyBias,
	author = {Bickel, P. J. and Hammel, E. A. and O{\textquoteright}Connell, J. W.},
	title = {Sex Bias in Graduate Admissions: Data from Berkeley},
	volume = {187},
	number = {4175},
	pages = {398--404},
	year = {1975},
	doi = {10.1126/science.187.4175.398},
	publisher = {American Association for the Advancement of Science},
	issn = {0036-8075},
	URL = {http://science.sciencemag.org/content/187/4175/398},
	eprint = {http://science.sciencemag.org/content/187/4175/398.full.pdf},
	journal = {Science}
}

@article{Liu2018,
  author    = {Lydia T. Liu and
               Sarah Dean and
               Esther Rolf and
               Max Simchowitz and
               Moritz Hardt},
  title     = {Delayed Impact of Fair Machine Learning},
  journal   = {CoRR},
  volume    = {abs/1803.04383},
  year      = {2018},
  url       = {http://arxiv.org/abs/1803.04383},
  archivePrefix = {arXiv},
  eprint    = {1803.04383},
  timestamp = {Mon, 13 Aug 2018 16:47:11 +0200},
  biburl    = {https://dblp.org/rec/bib/journals/corr/abs-1803-04383},
  bibsource = {dblp computer science bibliography, https://dblp.org}
}

@InProceedings{Menon2018TheCO,
  title = 	 {The cost of fairness in binary classification},
  author = 	 {Aditya Krishna Menon and Robert C Williamson},
  booktitle = 	 {Proceedings of the 1st Conference on Fairness, Accountability and Transparency},
  pages = 	 {107--118},
  year = 	 {2018},
  volume = 	 {81},
  series = 	 {Proceedings of Machine Learning Research},
  address = 	 {New York, NY, USA},
  month = 	 {23--24 Feb},
  publisher = 	 {PMLR},
}

@article{PapernotAEGT16,
  author    = {Nicolas Papernot and
               Mart{\'{\i}}n Abadi and
               {\'{U}}lfar Erlingsson and
               Ian J. Goodfellow and
               Kunal Talwar},
  title     = {Semi-supervised Knowledge Transfer for Deep Learning from Private
               Training Data},
  journal   = {CoRR},
  volume    = {abs/1610.05755},
  year      = {2016},
  url       = {http://arxiv.org/abs/1610.05755},
  archivePrefix = {arXiv},
}

@article{Pleiss2017,
  author    = {Geoff Pleiss and
               Manish Raghavan and
               Felix Wu and
               Jon M. Kleinberg and
               Kilian Q. Weinberger},
  title     = {On Fairness and Calibration},
  journal   = {CoRR},
  volume    = {abs/1709.02012},
  year      = {2017},
  url       = {http://arxiv.org/abs/1709.02012},
  archivePrefix = {arXiv},
  eprint    = {1709.02012},
  timestamp = {Mon, 13 Aug 2018 16:48:44 +0200},
  biburl    = {https://dblp.org/rec/bib/journals/corr/abs-1709-02012},
  bibsource = {dblp computer science bibliography, https://dblp.org}
}

@article{Raghavan2018TheEO,
  title={The Externalities of Exploration and How Data Diversity Helps Exploitation},
  author={Manish Raghavan and Aleksandrs Slivkins and Jennifer Wortman Vaughan and Zhiwei Steven Wu},
  journal={CoRR},
  year={2018},
  volume={abs/1806.00543}
}

@inproceedings{Ribeiro2016,
 author = {Ribeiro, Marco Tulio and Singh, Sameer and Guestrin, Carlos},
 title = {"Why Should I Trust You?": Explaining the Predictions of Any Classifier},
 booktitle = {Proceedings of the 22Nd ACM SIGKDD International Conference on Knowledge Discovery and Data Mining},
 series = {KDD '16},
 year = {2016},
 isbn = {978-1-4503-4232-2},
 location = {San Francisco, California, USA},
 pages = {1135--1144},
 numpages = {10},
 url = {http://doi.acm.org/10.1145/2939672.2939778},
 doi = {10.1145/2939672.2939778},
 acmid = {2939778},
 publisher = {ACM},
 address = {New York, NY, USA},
 keywords = {black box classifier, explaining machine learning, interpretability, interpretable machine learning},
} 

@InProceedings{Zhao2017MenAL,
  title={Men Also Like Shopping: Reducing Gender Bias Amplification using Corpus-level Constraints},
  author={Jieyu Zhao and Tianlu Wang and Mark Yatskar and Vicente Ordonez and Kai-Wei Chang},
  booktitle={EMNLP},
  year={2017}
}
